% Encoding: UTF-8
@book{rice1995mathematical,
  title={Mathematical Statistics and Data Analysis},
  author={Rice, J.A. and RICE, J.A.A.},
  number={v. 1},
  isbn={9780534209346},
  lccn={93028340},
  series={Duxbury advanced series},
  url={https://books.google.com/books?id=bIkQAQAAIAAJ},
  year={1995},
  publisher={Duxbury Press}
}
@Article{Mohr2018,
  author = {Mohr, Franz X},
  title  = {An Introduction to R},
  year   = {2018},
}

@PhdThesis{Venables2012,
  author = {MN, Venables},
  title  = {An Introduction to R},
  school = {universitas andalas},
  year   = {2012},
}

@Misc{Wikipedia2018,
  author       = {{Wikipedia contributors}},
  title        = {Heteroscedasticity --- {Wikipedia}{,} The Free Encyclopedia},
  howpublished = {\url{https://en.wikipedia.org/w/index.php?title=Heteroscedasticity&oldid=836700791}},
  year         = {2018},
  note         = {[Online; accessed 12-October-2018]},
}

@Comment{jabref-meta: databaseType:bibtex;}
